<?xml version="1.0" encoding="UTF-8"?><collection xmlns="http://www.loc.gov/MARC21/slim"><record><leader>00511nam--2200181-i-4500</leader><controlfield tag="001">000015345</controlfield><controlfield tag="002">20161230</controlfield><controlfield tag="005">20170119003755</controlfield><controlfield tag="008">060222s1000------------r-----000-0-eng-d</controlfield><datafield ind1=" " ind2=" " tag="080"><subfield code="a">517.984(061.3)</subfield></datafield><datafield ind1="1" ind2=" " tag="100"><subfield code="a">Dold, A</subfield><subfield code="e">ed</subfield></datafield><datafield ind1="1" ind2="0" tag="245"><subfield code="a">Complex analysis and spectral theory. Seminar, Leningrad 1979/80</subfield></datafield><datafield ind1=" " ind2=" " tag="260"><subfield code="a">Berlin</subfield><subfield code="b">Springer-Verlag</subfield><subfield code="c">1981</subfield></datafield><datafield ind1=" " ind2=" " tag="300"><subfield code="a">480 p</subfield></datafield><datafield ind1=" " ind2=" " tag="490"><subfield code="a">Lecture Notes In Mathematics</subfield><subfield code="v">vol.864</subfield></datafield><datafield ind1=" " ind2=" " tag="700"><subfield code="a">Nikol`skii, N. K</subfield></datafield><datafield ind1=" " ind2=" " tag="852"><subfield code="a">71675</subfield><subfield code="c">517.9</subfield></datafield><datafield ind1=" " ind2=" " tag="CAT"><subfield code="a">SYS</subfield><subfield code="c">20170119</subfield><subfield code="h">003755</subfield></datafield></record></collection>